@INPROCEEDINGS{RIR_Data_Aug,
author={N. J. {Bryan}},
booktitle={ICASSP 2020 - 2020 IEEE International Conference on Acoustics, Speech and Signal Processing (ICASSP)},
title={Impulse Response Data Augmentation and Deep Neural Networks for Blind Room Acoustic Parameter Estimation},
year={2020},
volume={},
number={},
pages={1-5},
doi={10.1109/ICASSP40776.2020.9052970}
}

@INPROCEEDINGS{Speech_Rec,
author={T. {Ko} and V. {Peddinti} and D. {Povey} and M. L. {Seltzer} and S. {Khudanpur}},
booktitle={2017 IEEE International Conference on Acoustics, Speech and Signal Processing (ICASSP)},
title={A study on data augmentation of reverberant speech for robust speech recognition},
year={2017},
volume={},
number={},
pages={5220-5224},
doi={10.1109/ICASSP.2017.7953152}}

@inproceedings{ITA_Toolbox,
author = {Bomhardt, Ramona and Berzborn, Marco and Klein, Johannes and Richter, Jan-Gerrit and Vorlaender, Michael},
year = {2017},
month = {03},
pages = {},
title = {The ITA-Toolbox: An Open Source MATLAB Toolbox for Acoustic Measurements and Signal Processing}
}

@inproceedings{AIR_Database,
author = {Jeub, Marco and Sch√§fer, Magnus and Vary, Peter},
title = {A Binaural Room Impulse Response Database for the Evaluation of Dereverberation Algorithms},
year = {2009},
pages = {1-4},
publisher = {IEEE},
address = {Santorini, Greece},
booktitle = {Proceedings of International Conference on Digital Signal Processing (DSP)},
organization = {IEEE, IET, EURASIP},
bibkey = {jeub09a},
isbn = {978-1-42443-298-1},
language = {English},
}

@article{noiseLib,
author = {Snyder, David and Chen, Guoguo and Povey, Daniel},
year = {2015},
month = {10},
pages = {},
title = {MUSAN: A Music, Speech, and Noise Corpus}
}